<collection xmlns="http://www.loc.gov/MARC21/slim">
<record>
  <leader>01079nam0a2200253 i 450 </leader>
  <controlfield tag="001">IT\ICCU\CNCE\013997</controlfield>
  <controlfield tag="005">19990803000000.0</controlfield>
  <datafield tag="012" ind1=" " ind2=" ">
    <subfield code="a">i.us us.&amp; c-i- X.r- (C) 1579 (R)</subfield>
    <subfield code="2">fei</subfield>
  </datafield>
  <datafield tag="100" ind1=" " ind2=" ">
    <subfield code="a">19970101d1579        0itac0103    ba</subfield>
  </datafield>
  <datafield tag="101" ind1=" " ind2=" ">
    <subfield code="a">LAT</subfield>
  </datafield>
  <datafield tag="102" ind1=" " ind2=" ">
    <subfield code="a">IT</subfield>
  </datafield>
  <datafield tag="200" ind1="1" ind2=" ">
    <subfield code="a">In aduentu amplissimi Ioannis Delphini episcopi Brixiae, ad suam Ecclesiam oratio habita a Io. Paulo Corte ... X Cal. Decemb. MDLXXIX</subfield>
  </datafield>
  <datafield tag="210" ind1=" " ind2=" ">
    <subfield code="a">Brixiae</subfield>
    <subfield code="c">apud Vincentium Sabbium</subfield>
    <subfield code="d">1579</subfield>
  </datafield>
  <datafield tag="215" ind1=" " ind2=" ">
    <subfield code="a">\7! c.</subfield>
    <subfield code="d">4ʻ</subfield>
  </datafield>
  <datafield tag="620" ind1=" " ind2=" ">
    <subfield code="a">IT</subfield>
    <subfield code="d">Brescia</subfield>
  </datafield>
  <datafield tag="700" ind1=" " ind2="1">
    <subfield code="a">Corte,</subfield>
    <subfield code="b">Giovanni Paolo</subfield>
    <subfield code="3">IT\ICCU\CNCA\003626</subfield>
  </datafield>
  <datafield tag="712" ind1="0" ind2="0">
    <subfield code="a">Sabbio, Vincenzo</subfield>
    <subfield code="3">IT\ICCU\CNCT\000044</subfield>
    <subfield code="4">650</subfield>
  </datafield>
  <datafield tag="791" ind1="0" ind2="0">
    <subfield code="a">Sabiensis, Vincentius</subfield>
    <subfield code="3">IT\ICCU\CNCT\002587</subfield>
    <subfield code="z">Sabbio, Vincenzo</subfield>
  </datafield>
  <datafield tag="791" ind1="0" ind2="0">
    <subfield code="a">Sabius, Vincentius</subfield>
    <subfield code="3">IT\ICCU\CNCT\005508</subfield>
    <subfield code="z">Sabbio, Vincenzo</subfield>
  </datafield>
  <datafield tag="791" ind1="0" ind2="0">
    <subfield code="a">Sabbius, Vincentius</subfield>
    <subfield code="3">IT\ICCU\CNCT\005511</subfield>
    <subfield code="z">Sabbio, Vincenzo</subfield>
  </datafield>
  <datafield tag="791" ind1="0" ind2="0">
    <subfield code="a">Da Sabbio, Vincenzo</subfield>
    <subfield code="3">IT\ICCU\CNCT\005515</subfield>
    <subfield code="z">Sabbio, Vincenzo</subfield>
  </datafield>
  <datafield tag="801" ind1=" " ind2="3">
    <subfield code="a">IT</subfield>
    <subfield code="b">ICCU</subfield>
    <subfield code="c">20201114</subfield>
  </datafield>
  <datafield tag="899" ind1=" " ind2=" ">
    <subfield code="a">Biblioteca civica Queriniana. Brescia</subfield>
    <subfield code="1">BS0026</subfield>
    <subfield code="2">ZBS 01</subfield>
  </datafield>
  <datafield tag="899" ind1=" " ind2=" ">
    <subfield code="a">Biblioteca comunale. Treviso</subfield>
    <subfield code="1">TV0114</subfield>
    <subfield code="2">VIA CT</subfield>
  </datafield>
</record>
</collection>
